<record><leader>00000cas a2200000   4500</leader><controlfield tag="001">1769184</controlfield><controlfield tag="008">751101c19499999vaumn ne      0   a0eng d</controlfield><datafield ind1=" " ind2=" " tag="010"><subfield code="a">sn 78000904 </subfield></datafield><datafield ind1=" " ind2=" " tag="040"><subfield code="a">MUL</subfield><subfield code="b">eng</subfield><subfield code="c">MUL</subfield><subfield code="d">COO</subfield><subfield code="d">NSD</subfield><subfield code="d">OCL</subfield><subfield code="d">NSD</subfield><subfield code="d">NST</subfield><subfield code="d">NVK</subfield><subfield code="d">OCL</subfield><subfield code="d">NSD</subfield><subfield code="d">CGU</subfield><subfield code="d">OCLCQ</subfield><subfield code="d">UKMGB</subfield><subfield code="d">OCLCF</subfield></datafield><datafield ind1=" " ind2=" " tag="012"><subfield code="i">8609</subfield><subfield code="k">1</subfield><subfield code="m">0</subfield></datafield><datafield ind1="7" ind2=" " tag="016"><subfield code="a">011769399</subfield><subfield code="2">Uk</subfield></datafield><datafield ind1=" " ind2=" " tag="019"><subfield code="a">2269138</subfield></datafield><datafield ind1="1" ind2=" " tag="022"><subfield code="a">0042-1790</subfield><subfield code="l">0042-1790</subfield><subfield code="2">1</subfield></datafield><datafield ind1="1" ind2=" " tag="029"><subfield code="a">AU@</subfield><subfield code="b">000041922909</subfield></datafield><datafield ind1=" " ind2=" " tag="037"><subfield code="b">VEA news, 116 S. 3rd St., Richmond, Va., 23219</subfield></datafield><datafield ind1=" " ind2=" " tag="042"><subfield code="a">nsdp</subfield></datafield><datafield ind1="2" ind2=" " tag="110"><subfield code="a">Virginia Education Association.</subfield></datafield><datafield ind1=" " ind2="0" tag="222"><subfield code="a">VEA news</subfield></datafield><datafield ind1="1" ind2="0" tag="245"><subfield code="a">VEA news.</subfield></datafield><datafield ind1="3" ind2=" " tag="246"><subfield code="a">Virginia Education Association news</subfield></datafield><datafield ind1="2" ind2=" " tag="246"><subfield code="a">Virginia Education Association news</subfield></datafield><datafield ind1=" " ind2=" " tag="260"><subfield code="a">Richmond, Va. :</subfield><subfield code="b">Virginia Educational Association,</subfield><subfield code="c">1949-</subfield></datafield><datafield ind1=" " ind2=" " tag="300"><subfield code="a">v. :</subfield><subfield code="b">ill. ;</subfield><subfield code="c">43 cm.</subfield></datafield><datafield ind1=" " ind2=" " tag="310"><subfield code="a">Monthly (Sept. thru May)</subfield></datafield><datafield ind1="0" ind2=" " tag="362"><subfield code="a">Vol. 1, no. 1 (Oct. 1, 1949)-</subfield></datafield><datafield ind1=" " ind2=" " tag="500"><subfield code="a">Published as a monthly periodical, &lt;Sept. 1981-Apr. 1993&gt;.</subfield></datafield><datafield ind1=" " ind2=" " tag="530"><subfield code="a">Available on microfilm from Bell and Howell, Micro Photo Div.</subfield></datafield><datafield ind1=" " ind2="0" tag="651"><subfield code="a">Richmond (Va.)</subfield><subfield code="v">Newspapers.</subfield></datafield><datafield ind1=" " ind2="7" tag="655"><subfield code="a">Newspapers.</subfield><subfield code="2">fast</subfield><subfield code="0">(OCoLC)fst01423814</subfield></datafield><datafield ind1=" " ind2="7" tag="651"><subfield code="a">Virginia</subfield><subfield code="z">Richmond.</subfield><subfield code="2">fast</subfield><subfield code="0">(OCoLC)fst01205345</subfield></datafield><datafield ind1=" " ind2=" " tag="752"><subfield code="a">United States</subfield><subfield code="b">Virginia</subfield><subfield code="d">Richmond.</subfield></datafield><datafield ind1="0" ind2="8" tag="776"><subfield code="i">Also issued online:</subfield><subfield code="t">VEA news</subfield><subfield code="w">(OCoLC)155367223</subfield></datafield><datafield ind1=" " ind2=" " tag="850"><subfield code="a">P</subfield><subfield code="a">PPiU</subfield><subfield code="a">ViBlbV</subfield></datafield><datafield ind1="4" ind2="1" tag="856"><subfield code="u">http://bibpurl.oclc.org/web/19048</subfield><subfield code="u">http://www.veaweteach.org/articles_veanews.asp</subfield></datafield><datafield ind1=" " ind2=" " tag="936"><subfield code="a">Vol. 34, no. 8 (Apr. 1993) LIC</subfield></datafield></record>